<?xml version="1.0" encoding="UTF-8"?><collection xmlns="http://www.loc.gov/MARC21/slim"><record><leader>00392nam--2200133-i-4500</leader><controlfield tag="001">000033790</controlfield><controlfield tag="002">20161230</controlfield><controlfield tag="005">20161230201039</controlfield><controlfield tag="008">060222s1000------------r-----000-0-eng-d</controlfield><datafield ind1=" " ind2=" " tag="100"><subfield code="a">Martin, Denis</subfield></datafield><datafield ind1=" " ind2=" " tag="245"><subfield code="a">Bauzit, jacques</subfield></datafield><datafield ind1=" " ind2=" " tag="260"><subfield code="a">Contribution A La Connaissance De L`Effet Wigner Dans La Graphite</subfield></datafield><datafield ind1=" " ind2=" " tag="490"><subfield code="a">Paris, Commissariat A L`Energie Nucleaire, 1963. 19p.+5fig</subfield></datafield><datafield ind1=" " ind2=" " tag="852"><subfield code="a">661.666</subfield></datafield></record></collection>